<record><leader>00000cas a22000007a 4500</leader><controlfield tag="001">30053402</controlfield><controlfield tag="008">940330d19241927ncudn ne      0    0eng d</controlfield><datafield ind1=" " ind2=" " tag="010"><subfield code="a">sn 94058220 </subfield></datafield><datafield ind1=" " ind2=" " tag="040"><subfield code="a">NVJ</subfield><subfield code="b">eng</subfield><subfield code="c">NVJ</subfield><subfield code="d">OCLCQ</subfield></datafield><datafield ind1=" " ind2=" " tag="042"><subfield code="a">msc</subfield></datafield><datafield ind1="0" ind2=" " tag="130"><subfield code="a">Hendersonville times (Hendersonville, N.C. : 1924)</subfield></datafield><datafield ind1="1" ind2="0" tag="245"><subfield code="a">Hendersonville times.</subfield></datafield><datafield ind1=" " ind2=" " tag="260"><subfield code="a">Hendersonville, N.C. :</subfield><subfield code="b">Times Pub. Co.</subfield></datafield><datafield ind1=" " ind2=" " tag="300"><subfield code="a">volumes</subfield></datafield><datafield ind1=" " ind2=" " tag="310"><subfield code="a">Daily (except Saturday),</subfield><subfield code="b">Dec. 5, 1926-Jan. 31, 1927</subfield></datafield><datafield ind1=" " ind2=" " tag="321"><subfield code="a">Daily (except Monday),</subfield><subfield code="b">Oct. 19, 1924-Dec. 24, 1924</subfield></datafield><datafield ind1=" " ind2=" " tag="321"><subfield code="a">Semiweekly,</subfield><subfield code="b">Dec. 30, 1924-June 30, 1925</subfield></datafield><datafield ind1=" " ind2=" " tag="321"><subfield code="a">Daily (except Sunday),</subfield><subfield code="b">July 1, 1925-Dec. 3, 1926</subfield></datafield><datafield ind1=" " ind2=" " tag="336"><subfield code="a">text</subfield><subfield code="b">txt</subfield><subfield code="2">rdacontent</subfield></datafield><datafield ind1=" " ind2=" " tag="337"><subfield code="a">unmediated</subfield><subfield code="b">n</subfield><subfield code="2">rdamedia</subfield></datafield><datafield ind1=" " ind2=" " tag="338"><subfield code="a">volume</subfield><subfield code="b">nc</subfield><subfield code="2">rdacarrier</subfield></datafield><datafield ind1="0" ind2=" " tag="362"><subfield code="a">Vol. 40, no. 22 (Oct. 19, 1924)-v. 46, no. 26 (Jan. 31, 1927).</subfield></datafield><datafield ind1=" " ind2=" " tag="752"><subfield code="a">United States</subfield><subfield code="b">North Carolina</subfield><subfield code="c">Henderson</subfield><subfield code="d">Hendersonville.</subfield></datafield><datafield ind1="0" ind2="0" tag="780"><subfield code="t">Hendersonville daily times</subfield><subfield code="w">(DLC)sn 94058219</subfield></datafield><datafield ind1="0" ind2="7" tag="785"><subfield code="t">Hendersonville news</subfield><subfield code="w">(DLC)sn 91068162</subfield></datafield><datafield ind1="0" ind2="7" tag="785"><subfield code="t">Times-news (Hendersonville, N.C.)</subfield><subfield code="x">1042-2323</subfield><subfield code="w">(DLC)sn 86063811</subfield></datafield></record>